@inproceedings{10.1145/1148170.1148180:1,
author = {Shen, Dou and Yang, Qiang and Sun, Jian-Tao and Chen, Zheng},
title = {Thread Detection in Dynamic Text Message Streams},
year = {2006},
isbn = {1595933697},
publisher = {Association for Computing Machinery},
address = {New York, NY, USA},
url = {https://doi-org.ezproxy.library.uq.edu.au/10.1145/1148170.1148180},
doi = {10.1145/1148170.1148180},
booktitle = {Proceedings of the 29th Annual International ACM SIGIR Conference on Research and Development in Information Retrieval},
pages = {35â€“42},
numpages = {8},
keywords = {thread detection, text stream, single-pass clustering, linguistic features},
location = {Seattle, Washington, USA},
series = {SIGIR '06}
}

@article{khan2002mining:2,
  title={Mining chat-room conversations for social and semantic interactions},
  author={Khan, Faisal M and Fisher, Todd A and Shuler, Lori and Wu, Tianhao and Pottenger, William M},
  journal={Computer Science and Engineering, Lehigh University},
  year={2002}
}

